@article{kecman_2005_support,
  author = {Kecman, V.},
  month = {04},
  pages = {1-47},
  title = {Support Vector Machines – An Introduction},
  doi = {10.1007/10984697_1},
  volume = {177},
  year = {2005},
  journal = {Support Vector Machines: Theory and Applications}
}

@article{brereton_2010_support,
  author = {Brereton, Richard G. and Lloyd, Gavin R.},
  pages = {230-267},
  title = {Support Vector Machines for classification and regression},
  doi = {10.1039/b918972f},
  volume = {135},
  year = {2010},
  journal = {The Analyst}
}

@article{evgenybyvatov_2003_support,
  author = {Evgeny Byvatov and Schneider, Gisbert},
  month = {01},
  pages = {67-77},
  title = {Support vector machine applications in bioinformatics.},
  volume = {2},
  year = {2003},
  journal = {Applied Bioinformatics}
}

@article{tian_2012_recent,
  author = {Tian, Yingjie and Shi, Yong and Liu, Xiaohui},
  month = {04},
  pages = {5-33},
  title = {RECENT ADVANCES ON SUPPORT VECTOR MACHINES RESEARCH},
  doi = {10.3846/20294913.2012.661205},
  volume = {18},
  year = {2012},
  journal = {Technological and Economic Development of Economy}
}

@article{yang_2004_biological,
  author = {Yang, Z. R.},
  month = {01},
  pages = {328-338},
  title = {Biological applications of support vector machines},
  doi = {10.1093/bib/5.4.328},
  volume = {5},
  year = {2004},
  journal = {Briefings in Bioinformatics}
}

@article{noble_2006_what,
  author = {Noble, William S},
  month = {12},
  pages = {1565-1567},
  title = {What is a support vector machine?},
  doi = {10.1038/nbt1206-1565},
  url = {https://www.nature.com/articles/nbt1206-1565},
  volume = {24},
  year = {2006},
  journal = {Nature Biotechnology}
}

@article{burges_1998_a,
  author = {Burges, Christopher J.C.},
  pages = {121-167},
  title = {A Tutorial on Support Vector Machines for Pattern Recognition},
  doi = {10.1023/a:1009715923555},
  url = {https://link.springer.com/article/10.1023/A%3A1009715923555},
  volume = {2},
  year = {1998},
  journal = {Data Mining and Knowledge Discovery}
}

@article{mammone_2009_support,
  author = {Mammone, Alessia and Turchi, Marco and Cristianini, Nello},
  month = {11},
  pages = {283-289},
  title = {Support vector machines},
  doi = {10.1002/wics.49},
  volume = {1},
  year = {2009},
  journal = {Wiley Interdisciplinary Reviews: Computational Statistics}
}

@article{benhur_2008_support,
  author = {Ben-Hur, Asa and Ong, Cheng Soon and Sonnenburg, Sören and Schölkopf, Bernhard and Rätsch, Gunnar},
  editor = {Lewitter, Fran},
  month = {10},
  pages = {e1000173},
  title = {Support Vector Machines and Kernels for Computational Biology},
  doi = {10.1371/journal.pcbi.1000173},
  volume = {4},
  year = {2008},
  journal = {PLoS Computational Biology}
}

@article{sharma_2016_an,
  author = {Sharma, Vikas and Diganta Baruah and Dibyajyoti Chutia and Raju, N and Bhattacharya, D},
  month = {05},
  title = {An assessment of support vector machine kernel parameters using remotely sensed satellite data},
  doi = {10.1109/rteict.2016.7808096},
  urldate = {2023-07-30},
  year = {2016},
  journal = {}
}