@article{kecman_2005_support,
  author = {Kecman, V.},
  month = {04},
  pages = {1-47},
  title = {Support Vector Machines â€“ An Introduction},
  doi = {10.1007/10984697_1},
  volume = {177},
  year = {2005},
  journal = {Support Vector Machines: Theory and Applications}
}

@article{brereton_2010_support,
  author = {Brereton, Richard G. and Lloyd, Gavin R.},
  pages = {230-267},
  title = {Support Vector Machines for classification and regression},
  doi = {10.1039/b918972f},
  volume = {135},
  year = {2010},
  journal = {The Analyst}
}

@article{evgenybyvatov_2003_support,
  author = {Evgeny Byvatov and Schneider, Gisbert},
  month = {01},
  pages = {67-77},
  title = {Support vector machine applications in bioinformatics.},
  volume = {2},
  year = {2003},
  journal = {Applied Bioinformatics}
}

@article{tian_2012_recent,
  author = {Tian, Yingjie and Shi, Yong and Liu, Xiaohui},
  month = {04},
  pages = {5-33},
  title = {RECENT ADVANCES ON SUPPORT VECTOR MACHINES RESEARCH},
  doi = {10.3846/20294913.2012.661205},
  volume = {18},
  year = {2012},
  journal = {Technological and Economic Development of Economy}
}

@article{yang_2004_biological,
  author = {Yang, Z. R.},
  month = {01},
  pages = {328-338},
  title = {Biological applications of support vector machines},
  doi = {10.1093/bib/5.4.328},
  volume = {5},
  year = {2004},
  journal = {Briefings in Bioinformatics}
}